@article{dujmovic.joret.ea:planar,
  author       = {Vida Dujmovic and
                  Gwena{\"{e}}l Joret and
                  Piotr Micek and
                  Pat Morin and
                  Torsten Ueckerdt and
                  David R. Wood},
  title        = {Planar Graphs Have Bounded Queue-Number},
  journal      = {J. {ACM}},
  volume       = {67},
  number       = {4},
  pages        = {22:1--22:38},
  year         = {2020},
  url          = {https://doi.org/10.1145/3385731},
  doi          = {10.1145/3385731},
  timestamp    = {Mon, 03 Jan 2022 22:06:23 +0100},
  biburl       = {https://dblp.org/rec/journals/jacm/DujmovicJMMUW20.bib},
  bibsource    = {dblp computer science bibliography, https://dblp.org}
}
